@inproceedings{buisan:hal-03684211,
  TITLE = {{HATP/EHDA: A Robot Task Planner Anticipating and Eliciting Human Decisions and Actions}},
  AUTHOR = {Buisan, Guilhem and Favier, Anthony and Mayima, Amandine and Alami, Rachid},
  URL = {https://hal.laas.fr/hal-03684211},
  BOOKTITLE = {{IEEE International Conference On Robotics and Automation (ICRA 2022)}},
  ADDRESS = {Philadelphia, United States},
  HAL_LOCAL_REFERENCE = {Rapport LAAS n{\textdegree} 22166},
  YEAR = {2022},
  MONTH = May,
  PDF = {https://hal.laas.fr/hal-03684211/file/ICRA_2022.pdf},
  HAL_ID = {hal-03684211},
  HAL_VERSION = {v1},
}
